<?xml version="1.0" encoding="UTF-8"?><collection xmlns="http://www.loc.gov/MARC21/slim"><record><leader>00511nam--2200181-i-4500</leader><controlfield tag="001">000025798</controlfield><controlfield tag="002">20161230</controlfield><controlfield tag="005">20161230201036</controlfield><controlfield tag="008">060222s1000------------r-----000-0-eng-d</controlfield><datafield ind1=" " ind2=" " tag="040"><subfield code="a">IFIN-HH</subfield></datafield><datafield ind1=" " ind2=" " tag="080"><subfield code="a">53</subfield></datafield><datafield ind1="1" ind2=" " tag="100"><subfield code="a">Kaempffer, F.A</subfield></datafield><datafield ind1="1" ind2="0" tag="245"><subfield code="a">The elements of physics. a new approach</subfield><subfield code="c">F.a. kaempffer</subfield></datafield><datafield ind1=" " ind2=" " tag="260"><subfield code="a">Waltham</subfield><subfield code="b">Blaisdell Publishing Comany</subfield><subfield code="c">1967</subfield></datafield><datafield ind1=" " ind2=" " tag="300"><subfield code="a">XII + 291P</subfield></datafield><datafield ind1=" " ind2=" " tag="490"><subfield code="a">A Blaisdell Book In The Pure And Applied Sciences</subfield></datafield><datafield ind1=" " ind2=" " tag="852"><subfield code="a">37497</subfield><subfield code="c">53</subfield></datafield><datafield ind1=" " ind2=" " tag="CAT"><subfield code="a">Sys</subfield><subfield code="c">20150316</subfield><subfield code="h">101333</subfield></datafield></record></collection>